@article{gao2021focs,
  title={Improved Online Correlated Selection},
  author={Gao, Ruiquan and He, Zhongtian and Huang, Zhiyi and Nie, Zipei and Yuan, Bijun and Zhong, Yan},
  journal={arXiv preprint arXiv:2106.04224},
  year={2021}
}